@Book{GreeneKrantz,
 author    ={Greene, R. and Krantz, S.},
 title     ={Function Theory of one Complex Variable},
 year      ={2006},
 publisher ={AMS},
 edition   ={3. ed.}}
                                                       
@Book{Kasten,
 author    ={Kasten, Hendrik},
 title     ={Funktionentheorie 1},
 subtitle  ={Skript zur Vorlesung},
 year      ={2014},
 url       ={http://www.mathi.uni-heidelberg.de/~kasten/files/Skripte/ss14funktheo1.pdf}}

@Book{RemmertSchumacher,
 author    ={Remmert, R. and Schumacher, G.},
 title     ={Funktionentheorie 2},
 year      ={2000},
 publisher ={Springer},
 edition   ={3., neu bearbeitete Auflage}}
